<record><leader>00000cas a22000007a 4500</leader><controlfield tag="001">15973065</controlfield><controlfield tag="008">870615d19731983iaudn ne      0    0eng d</controlfield><datafield ind1=" " ind2=" " tag="010"><subfield code="a">sn 87058319 </subfield></datafield><datafield ind1=" " ind2=" " tag="040"><subfield code="a">INP</subfield><subfield code="b">eng</subfield><subfield code="c">INP</subfield><subfield code="d">OCLCQ</subfield></datafield><datafield ind1=" " ind2=" " tag="042"><subfield code="a">msc</subfield></datafield><datafield ind1="0" ind2=" " tag="130"><subfield code="a">Waterloo courier (Waterloo, Iowa : 1973)</subfield></datafield><datafield ind1="1" ind2="0" tag="245"><subfield code="a">Waterloo courier.</subfield></datafield><datafield ind1="1" ind2="7" tag="246"><subfield code="a">Waterloo daily courier</subfield></datafield><datafield ind1=" " ind2=" " tag="260"><subfield code="a">Waterloo, Iowa :</subfield><subfield code="b">[s.n.],</subfield><subfield code="c">1973-1983.</subfield></datafield><datafield ind1=" " ind2=" " tag="300"><subfield code="a">v.</subfield></datafield><datafield ind1=" " ind2=" " tag="310"><subfield code="a">Daily (except Saturday)</subfield></datafield><datafield ind1="0" ind2=" " tag="362"><subfield code="a">Sept. 26, 1973-v. 125, no. 189 (Aug. 12, 1983).</subfield></datafield><datafield ind1=" " ind2=" " tag="752"><subfield code="a">United States</subfield><subfield code="b">Iowa</subfield><subfield code="c">Black Hawk</subfield><subfield code="d">Waterloo.</subfield></datafield><datafield ind1="0" ind2="0" tag="780"><subfield code="t">Waterloo daily courier (Waterloo, Iowa : 1932)</subfield><subfield code="w">(DLC)sn 82014267</subfield></datafield><datafield ind1="0" ind2="7" tag="785"><subfield code="t">Cedar Falls record (Cedar Falls, Iowa : 1981)</subfield><subfield code="w">(DLC)sn 88059507</subfield></datafield><datafield ind1="0" ind2="7" tag="785"><subfield code="t">Waterloo courier, the Cedar Falls record</subfield><subfield code="w">(DLC)sn 83008552</subfield></datafield></record>